@book{breuer2002theory,
  title={The theory of open quantum systems},
  author={Breuer, Heinz-Peter and Petruccione, Francesco},
  year={2002},
  publisher={Oxford University Press, USA}
}

@article{gogolin2016equilibration,
  title={Equilibration, thermalisation, and the emergence of statistical mechanics in closed quantum systems},
  author={Gogolin, Christian and Eisert, Jens},
  journal={Reports on Progress in Physics},
  volume={79},
  number={5},
  pages={056001},
  year={2016},
  publisher={IOP Publishing}
}

@article{sels2015stationary,
  title={Stationary ensemble approximations of dynamic quantum states: Optimizing the generalized Gibbs ensemble},
  author={Sels, Dries and Wouters, Michiel},
  journal={Physical Review E},
  volume={92},
  number={2},
  pages={022123},
  year={2015},
  publisher={APS}
}

@article{weimer2015variational,
  title={Variational principle for steady states of dissipative quantum many-body systems},
  author={Weimer, Hendrik},
  journal={Physical review letters},
  volume={114},
  number={4},
  pages={040402},
  year={2015},
  publisher={APS}
}

@article{lange2018time,
  title={Time-dependent generalized Gibbs ensembles in open quantum systems},
  author={Lange, Florian and Lenar{\v{c}}i{\v{c}}, Zala and Rosch, Achim},
  journal={Physical Review B},
  volume={97},
  number={16},
  pages={165138},
  year={2018},
  publisher={APS}
}

@misc{adlertaylor,
  title={Taylor expansion and derivative formulas for matrix logarithms},
  author={Adler, Stephen L}
}

@article{diehl2010dynamical,
  title={Dynamical phase transitions and instabilities in open atomic many-body systems},
  author={Diehl, Sebastian and Tomadin, Andrea and Micheli, Andrea and Fazio, Rosario and Zoller, Peter},
  journal={Physical review letters},
  volume={105},
  number={1},
  pages={015702},
  year={2010},
  publisher={APS}
}

@article{tomadin2011nonequilibrium,
  title={Nonequilibrium phase diagram of a driven and dissipative many-body system},
  author={Tomadin, Andrea and Diehl, Sebastian and Zoller, Peter},
  journal={Physical Review A},
  volume={83},
  number={1},
  pages={013611},
  year={2011},
  publisher={APS}
}

@article{lee2011antiferromagnetic,
  title={Antiferromagnetic phase transition in a nonequilibrium lattice of Rydberg atoms},
  author={Lee, Tony E and H{\"a}ffner, Hartmut and Cross, MC},
  journal={Physical Review A},
  volume={84},
  number={3},
  pages={031402},
  year={2011},
  publisher={APS}
}